<?xml version="1.0" encoding="UTF-8"?><record xmlns="http://www.loc.gov/MARC21/slim" xmlns:cinclude="http://apache.org/cocoon/include/1.0" xmlns:zs="http://www.loc.gov/zing/srw/">
  <leader>00848cz  a2200193n  4500</leader>
  <controlfield tag="001">nr 89013780 </controlfield>
  <controlfield tag="003">DLC</controlfield>
  <controlfield tag="005">19900124095247.5</controlfield>
  <controlfield tag="008">891011n| acannaab|          |a aaa      </controlfield>
  <datafield tag="010" ind1=" " ind2=" ">
    <subfield code="a">nr 89013780 </subfield>
    <subfield code="z">n  84092105 </subfield>
  </datafield>
  <datafield tag="040" ind1=" " ind2=" ">
    <subfield code="a">DLC-J</subfield>
    <subfield code="c">DLC-J</subfield>
    <subfield code="d">DLC</subfield>
  </datafield>
  <datafield tag="100" ind1="1" ind2="0">
    <subfield code="a">Ishii, Ryōichi,</subfield>
    <subfield code="d">1903-1970</subfield>
  </datafield>
  <datafield tag="400" ind1="1" ind2="0">
    <subfield code="a">Yukawa, Shirō,</subfield>
    <subfield code="d">1903-1970</subfield>
  </datafield>
  <datafield tag="667" ind1=" " ind2=" ">
    <subfield code="a">Old catalog hdg.: Ishii, Ryōchi</subfield>
  </datafield>
  <datafield tag="670" ind1=" " ind2=" ">
    <subfield code="a">His Suigunsen no rekishi, 1980:</subfield>
    <subfield code="b">t.p. (Ishii Ryōichi) colophon (r; 1903-1970; news reporter w. Chūgai Shōgyō Shinpō; w. Gaimushō; sp.: local history of Ibaraki-ken)</subfield>
  </datafield>
  <datafield tag="670" ind1=" " ind2=" ">
    <subfield code="a">His Okukuji hizakurige, 1983:</subfield>
    <subfield code="b">t.p. (Ishii Ryōichi) p. 285 (b. 7/17/Meiji 36; also Yukawa Shirō)</subfield>
  </datafield>
  <datafield tag="670" ind1=" " ind2=" ">
    <subfield code="a">NDL choshamei, 1979</subfield>
    <subfield code="b">(Ishii Ryōichi; b. 1903)</subfield>
  </datafield>
  <datafield tag="670" ind1=" " ind2=" ">
    <subfield code="a">LC manual auth. cd.</subfield>
    <subfield code="b">(hdg.: Ishii, Ryōichi)</subfield>
  </datafield>
  <datafield tag="675" ind1=" " ind2=" ">
    <subfield code="a">Chosakuken daichō, 1985, 63.</subfield>
  </datafield>
</record>